<?xml version="1.0" encoding="UTF-8"?><collection xmlns="http://www.loc.gov/MARC21/slim"><record><leader>00366nam--2200133-i-4500</leader><controlfield tag="001">000008484</controlfield><controlfield tag="002">20161230</controlfield><controlfield tag="005">20161230201027</controlfield><controlfield tag="008">060222s1000------------r-----000-0-eng-d</controlfield><datafield ind1=" " ind2=" " tag="080"><subfield code="a">539.12.01</subfield></datafield><datafield ind1=" " ind2=" " tag="100"><subfield code="a">Bassetto, A.And Paccanoni, F</subfield></datafield><datafield ind1=" " ind2=" " tag="245"><subfield code="a">Inelastic unitarity and j-plane singulari ties in a general process</subfield></datafield><datafield ind1=" " ind2=" " tag="260"><subfield code="a">Geneva, Cern, 1968 12 P</subfield></datafield><datafield ind1=" " ind2=" " tag="852"><subfield code="a">28649</subfield></datafield></record></collection>